<?xml version="1.0" encoding="UTF-8"?><collection xmlns="http://www.loc.gov/MARC21/slim"><record><leader>00345nam--2200121-i-4500</leader><controlfield tag="001">000001866</controlfield><controlfield tag="002">20161230</controlfield><controlfield tag="005">20161230201024</controlfield><controlfield tag="008">060222s1000------------r-----000-0-eng-d</controlfield><datafield ind1=" " ind2=" " tag="245"><subfield code="a">The science of science.society in the technological age</subfield></datafield><datafield ind1=" " ind2=" " tag="260"><subfield code="a">London, Souvenir Press, 1964. 234 P</subfield></datafield><datafield ind1=" " ind2=" " tag="700"><subfield code="a">Goldsmith, Maurice., Mackay, Alan</subfield></datafield><datafield ind1=" " ind2=" " tag="852"><subfield code="a">22452</subfield></datafield></record></collection>